<?xml version="1.0" encoding="UTF-8"?><collection xmlns="http://www.loc.gov/MARC21/slim"><record><leader>00416nam--2200133-i-4500</leader><controlfield tag="001">000034555</controlfield><controlfield tag="002">20161230</controlfield><controlfield tag="005">20161230201040</controlfield><controlfield tag="008">060222s1000------------r-----000-0-eng-d</controlfield><datafield ind1=" " ind2=" " tag="080"><subfield code="a">621.316.1</subfield></datafield><datafield ind1=" " ind2=" " tag="100"><subfield code="a">Nicolau, Edmond V</subfield></datafield><datafield ind1=" " ind2=" " tag="245"><subfield code="a">Sinteza sistemelor radiante directive</subfield></datafield><datafield ind1=" " ind2=" " tag="260"><subfield code="a">Bucuresti, Institutul Politehnic, Gheorghe Gheorghiu-dej-facultatea De Electronica Si Telecomunicatii, 1969. 31p.C</subfield></datafield><datafield ind1=" " ind2=" " tag="852"><subfield code="a">22028</subfield></datafield></record></collection>